@inproceedings{meriac2010heart,
  title={Heart of darkness-exploring the uncharted backwaters of hid iclass (TM) security},
  author={Meriac, Milosch},
  booktitle={24th Chaos Communication Congress},
  year={2010}
}

@misc{bunniepic,
  author = {Andrew "bunnie" Huang},
  title = {{Hacking the PIC 18F1320}},
  howpublished = {\url{https://www.bunniestudios.com/blog/?page_id=40}},
  year = {2007}, 
}

@inproceedings{silviocopyprotection,
    author = {Silvio Cesare},
    title = {{Adventures in glitching PIC microcontrollers to defeat firmware copy protection}},
    howpublished = "\url{https://2015.kiwicon.org/the-con/talks/#e203}",
    booktitle={Kiwicon},
    year = {2015}
}

@manual{maxim:MAX4617-MAX4619,
    organization  = "Maxim Integrated Products, Inc.",
    title         = "High-Speed, Low-Voltage, CMOS Analog Switch",
    number        = "MAX4619",
    note          = "Rev. 3",
	howpublished	= "\url{https://datasheets.stg-maximintegrated.com/en/ds/MAX4617-MAX4619.pdf}"
}

@unpublished{gerlinskyLPC,
  author = {Chris Gerlinsky},
  note   = {REcon},
  title  = {Breaking Code Read Protection on the NXP LPC-family Microcontrollers},
  year   = {2017},
  howpublished = "\url{https://recon.cx/2017/brussels/resources/slides/RECON-BRX-2017-Breaking_CRP_on_NXP_LPC_Microcontrollers_slides.pdf}"
}

@manual{microchip:DS41397B,
    organization  = "Microchip Technology Inc.",
    title         = "PIC16F193X/LF193X/PIC16F194X/LF194X/PIC16LF190X Memory Programming Specification",
    number        = "DS41397B",
    note          = "Rev. B",
	howpublished	= "\url{https://ww1.microchip.com/downloads/en/DeviceDoc/41397B.pdf}"
}
